@misc{abiresearch,
    title={Bluetooth Market Analysis\\ABI Research, Bluetooth: The Global Outlook - \url{http://www.abiresearch.com/research/1002955-Bluetooth:+The+Global+Outlook}},
    year={}
} 



@article{Akyildiz2001,
    author = {I.F. Akyildiz et al.},
    title = {Wireless sensor networks: a survey},
    journal = {},
    volume = {},
    issue = {},
    year = {2001},
    pages = {},
}


@misc{Azimuth,
    title={http://www.azimuthsystems.com/},
    year={2007}
} 

@article{Blefarri2004,
    author = {Blefarri-Menazzi et al. eds.},
    title = {Quality of Service Delivery in Variable Topology Networks},
    journal = {IEEE Transactions on Selected Areas in Communication},
    volume = {7},
    issue = {24},
    year = {2004},
    pages = {},
}

@article{Boulos2007,
    author = {Boulos, M.N.  and A. Rocha and A. Martins and M.E. Vicente and A. Bolz and R. Feld and I. Tchoudovski and M. Braecklein and J. Nelson and G.O. Laighin and C. Sdogati and F. Cesaroni and M. Antomarini and A. Jobes and M. Kinirons},
    title = {CAALYX: a new generation of location-based services in healthcare},
    journal = {International Journal of Health Geographics},
    volume = {12},
    issue = {6},
    year = {2007},
    pages = {},
}

@article{Bourke2006,
    author = {Bourke, A.K. and J. O'Brien, V. and G.M. Lyons},
    title = {Evaluation of a threshold-based tri-axial accelerometer fall detection algorithm},
    journal = {Gait Posture},
    volume = {},
    issue = {},
    year = {2006},
    pages = {},
}

@article{BourkeCan1,
	author = {{A.K. Bourke} and {P. van de Ven} and {A.E. Chaya} and {G. \'{O}Laighin} and {J. Nelson}},
	title = {The design and development of a long-term fall detection system incorporated into a custom vest for the elderly.},
	journal = {Conference Proceedings IEEE Engineering in Medicine and Biology Society, Vancouver, Canada.},
	year = {2008},
	pages = {2836-2839},
}


@article{BourkeCan2,
	author = {{A.K. Bourke} and {P. van de Ven} and {A.E. Chaya} and {G. \'{O}Laighin} and {J. Nelson}},
	title = {Testing of a long-term fall detection system incorporated into a custom vest for the elderly.},
	journal = {Conference Proceedings IEEE Engineering in Medicine and Biology Society, Vancouver, Canada.},
	year = {2008},
	pages = {2844-2847},
}

@book{OBrien2009,
    author = {H. O'Brien},
    title = {Smart Phone Support for Bluetooth Body Sensors},
    publisher = {\url{http://hughobrien.ie/fyp.pdf}},
    year = {2009},
} 

@article{Gannon2008,
    author = {B. Gannon and E. O'Shea and E. Hudson},
    title = {Economic consequences of falls and fractures among older people},
    journal = {Ir Med J.},
    volume = {101},
    issue = {6},
    year = {2008},
    pages = {170-173},
}

@article{WildBMJ,
   author = {D. Wild and U. S. Nayak and B. Isaacs},
   title = {How dangerous are falls in old people at home?},
   journal = {Brittish Med J.},
   volume = {282},
   pages = {266-268},
   year = {1981},
}

@book{Georgiadis2006,
    author = {L. Georgiadis and M.J. Neely and L. Tassiulas},
    title = {Resource allocation and cross-layer control in wireless networks},
    publisher = {Now Publishers},
    year = {2006},
} 

@inproceedings{Hayes2006,
    author = {{M. J. Hayes} and {P. van de Ven}},
    title = {Active power control for ad-hoc wireless networks},
    booktitle = {Irish Signals and Systems Conference, Proceedings of the},
    month = {June},
    address = {Dublin, Ireland},
    year = {2006},
}


@article{Hayes2007_1,
    author = {M.J. Hayes, S.M.M. Alavi and  P.W.J. van de Ven},
    title = {Improved Active Queue Management Schemes by Using Two-Degree-Of-Freedom Feedback System},
    journal = {American Control Conference 2007},
    volume = {},
    issue = {},
    year = {2007},
    pages = {Accepted for publication},
}

@article{Hayes2007_2,
    author = {M.J. Hayes, S.M.M. Alavi and  P.W.J. Van de Ven},
    title = {A Quantitative Feedback Approach to the Robust Control of Active Queue Management},
    journal = {Control Engineering Practice},
    volume = {},
    issue = {},
    year = {2007},
    pages = {Submitted},
}


@article{Leung2002,
    author = {Leung, K.K.},
    title = {Power control by interference prediction for broadband wireless packet networks},
    journal = {Wireless Communications, IEEE Transactions on},
    volume = {1},
    issue = {2},
    year = {2002},
    pages = {256--265},
}

@misc{mulle,
    author={Eliasson, J.},
    title={Mulle Wireless Sensor:Low-Power Design Methodologies for Embedded Internet Systems},
    institution={Lulea University of Technology},
    year={2007}
} 


@article{Noury2008,
    author = {{N. Noury} and {P. Rumeau} and {A.K. Bourke} and {G. \'{O}Laighin} and {J.E. Lundy}},
    title = {A proposal for the classification and evaluation of fall detectors},
    journal = {IRBM},
    volume = {29},
    issue = {},
    year = {2008},
    pages = {340-349},
}

@misc{shimmer,
    title={SHIMMER Wireless Health Sensor:\\Intel Corporation, TRIL Research Centre - \url{http://shimmer-research.com}},
    year={2009},
}

@misc{Standard15_4_2003,
    author = {802.15.4},
    year = {2003},
    title = {802.15.4 IEEE Standard for
Information technology. Telecommunications and information exchange between systems. Local and metropolitan area networks.
Specific requirements. Part 15.4: Wireless Medium Access Control (MAC) and Physical Layer (PHY) Specifications for Low-Rate Wireless
Personal Area Networks (LR-WPANs)},
    institution = {IEEE},
}

@article{Stevens2006,
    author = {J.A. Stevens and P.S. Corso and E.A. Finkelstein and T.R. Miller},
    title = {The costs of fatal and nonfatal falls among older adults},
    journal = {Injury Prevention},
    volume = {12},
    year = {2006},
    pages = {290-295}
}

@article{Subramanian2005,
    author = {A. Subramanian and A.H. Sayed},
    title = {A robust power and rate control method for state-delayed wireless networks},
    journal = {Automatica},
    volume = {41},
    year = {2005},
    pages = {1917--1924}
}



@article{Toumpis2006,
    author = {S. Toumpis and A.J. Goldsmith},
    title = {New media access protocols for wireless ad hoc networks based on cross-layer principles},
    journal = {Wireless Communications, IEEE Transactions on},
    volume = {5},
    issue = {8},
    year = {2006},
    pages = {2228--2241},
}

@misc{uBlue,
    title={Bluetooth Low Energy Chip Set:\\Nordic Semiconductor uBlue - \url{http://www.nordicsemi.no/files/Product/brochures_presentations/PB_uBlue_v1_0.pdf}},
    year={}
}

 
@phdthesis{VandeVen2005,
    author = {P.W.J. van de Ven},
    title = {Identification and Control of Marine Vehicles using Artificial Intelligence Techniques; A novel approach},
    school = {University of Limerick},
    year = {2005},
} 

@article{VandeVen2008,
    author = {P.W.J. van de Ven},
    title = {A wireless platform for fall and mobility monitoring in health care},
    year = {}
}

@inproceedings{VandeVen2009,
    author = {{P. van de Ven} and {A.K. Bourke} and {C. Tavares} and {R. Feld} and {J. Nelson} and {A. Rocha} and {G. \'{O}Laighin}},
    title = {Integration of a suite of sensors in a wireless health sensor platform},
    year = {2009},
    pages = {1678-1683},
    booktitle = {Sensors, 2009 IEEE},
    address = {Christchurch, New Zealand}
}


@misc{cc2420,
    title={ZigBee Module DataSheet:\\Chipcon AS - CC2420 SmartRF DataSheet;},
    year={}
} 


